<record><leader>00000cas a22000007a 4500</leader><controlfield tag="001">11269564</controlfield><controlfield tag="008">841016d18751880iaudn ne      0    0eng d</controlfield><datafield ind1=" " ind2=" " tag="010"><subfield code="a">sn 84038327 </subfield></datafield><datafield ind1=" " ind2=" " tag="040"><subfield code="a">NPX</subfield><subfield code="b">eng</subfield><subfield code="c">NPX</subfield><subfield code="d">INP</subfield><subfield code="d">OCLCQ</subfield></datafield><datafield ind1=" " ind2=" " tag="042"><subfield code="a">msc</subfield></datafield><datafield ind1="0" ind2="0" tag="245"><subfield code="a">Marshall daily times.</subfield></datafield><datafield ind1="3" ind2="0" tag="246"><subfield code="a">Marshall times</subfield></datafield><datafield ind1=" " ind2=" " tag="260"><subfield code="a">Marshalltown, Iowa :</subfield><subfield code="b">Chapin &amp; Sower</subfield></datafield><datafield ind1=" " ind2=" " tag="300"><subfield code="a">v.</subfield></datafield><datafield ind1=" " ind2=" " tag="310"><subfield code="a">Daily (except Sunday)</subfield></datafield><datafield ind1="1" ind2=" " tag="362"><subfield code="a">Began in Apr. 1875.</subfield><subfield code="z">Cf. Gregory, W. Amer. newspapers.</subfield></datafield><datafield ind1="1" ind2=" " tag="362"><subfield code="a">Ceased in 1880.</subfield><subfield code="z">Cf. Bibl. of Iowa newspapers.</subfield></datafield><datafield ind1=" " ind2=" " tag="500"><subfield code="a">Publisher: Marshall Times Print. Co., Jan. 2, 1879-</subfield></datafield><datafield ind1=" " ind2=" " tag="500"><subfield code="a">Originally edited by: E.N. Chapin.</subfield></datafield><datafield ind1=" " ind2=" " tag="588"><subfield code="a">Description based on: Vol. 2, no. 16 (Oct. 30, 1875).</subfield></datafield><datafield ind1=" " ind2=" " tag="752"><subfield code="a">United States</subfield><subfield code="b">Iowa</subfield><subfield code="c">Marshall</subfield><subfield code="d">Marshalltown.</subfield></datafield><datafield ind1="0" ind2="7" tag="785"><subfield code="t">Marshall weekly Republican</subfield><subfield code="w">(DLC)sn 86060365</subfield></datafield><datafield ind1="0" ind2="7" tag="785"><subfield code="t">Daily times-Republican (Marshalltown, Iowa)</subfield><subfield code="w">(DLC)sn 85050937</subfield></datafield><datafield ind1="1" ind2=" " tag="029"><subfield code="a">AU@</subfield><subfield code="b">000025820701</subfield></datafield></record>